3142 5100
1191 385 1265 455 137

64 559 235 644 proposito
251 575 291 618 un
314 556 467 620 virissimo
492 555 646 619 desiderio
671 556 702 617 in
726 556 795 620 tutti
820 557 829 619 i
853 555 983 620 Ministri
1007 553 1039 618 di
1062 556 1214 620 sodiaiare
1238 559 1268 620 lc

58 669 174 748 giuste
191 663 337 728 Publiche
352 681 503 746 premure.
1188 673 1193 682 '

103 851 106 855 Δ
162 772 366 854 Uguaimente
383 773 482 833 oserei
500 789 575 834 aver
591 775 725 853 sperato,
743 776 774 835 et
798 769 869 834 enni
893 771 912 833 ii
938 772 1102 854 corraggio
1120 771 1149 834 di
1171 770 1268 854 repli-

62 880 154 944 carlo
174 881 262 943 forse
277 887 389 962 troppo
404 879 683 961 frequentamente,
707 877 764 942 che
786 898 821 941 se
843 879 882 942 mi
906 880 1027 968 iussero
1049 883 1215 962 pervenute
1238 879 1268 942 le

64 988 270 1052 convenienti
287 986 462 1050 individuali
482 986 690 1049 informationi
709 985 739 1050 di
755 992 849 1051 tratto
866 991 897 1051 in
913 993 1005 1053 tratto
1023 985 1072 1049 del
1095 985 1211 1051 didetto
1229 985 1268 1050 de

64 1095 261 1180 pagamenti,
278 1092 450 1158 ch'audava
465 1095 651 1167 aucedondo,
668 1096 707 1157 mi
724 1094 856 1160 sarebbe
878 1097 986 1158 sortito
1003 1113 1038 1158 se
1059 1112 1118 1156 non
1134 1091 1165 1155 di
1187 1097 1267 1157 otte·

63 1224 168 1268 nerne
203 1203 230 1264 la
262 1208 369 1284 pronta
399 1203 628 1281 sodisfaaione,
660 1203 691 1267 di
722 1203 858 1267 andarne
895 1204 1012 1268 aimeno
1045 1199 1266 1283 conseguendo

63 1309 284 1393 degi’esborsi
300 1310 331 1371 in
347 1309 475 1375 ditiaico.

162 1416 233 1481 che
251 1422 357 1500 questa
374 1419 431 1480 mia
449 1418 567 1500 iusiuga
584 1435 643 1482 uon
659 1419 745 1482 iosae
760 1419 938 1483 totalmeate
956 1437 1043 1489 vana,
1059 1415 1121 1500 pu'o
1144 1435 1272 1479 recame

64 1549 125 1591 nna
144 1546 209 1588 non
228 1524 773 1589 indiserentetestimonianzal'aver
793 1525 824 1589 io
846 1529 952 1608 potato
975 1525 1100 1588 iudurre
1127 1525 1156 1588 la
1180 1523 1273 1587 Corte
1367 1513 1369 1518 ’
1496 1574 1501 1584 .

65 1654 106 1697 ne
125 1633 275 1718 principij
293 1632 342 1696 del
359 1634 417 1696 mio
428 1633 582 1697 Ministero
596 1633 633 1696 ad
647 1633 833 1698 esborsarmi
849 1633 929 1696 mitte
946 1633 1067 1698 cochini
1083 1633 1112 1697 in
1130 1637 1220 1697 conto
1235 1634 1268 1698 di

64 1745 115 1806 cio
133 1745 171 1807 fia
188 1739 423 1804 comministrato
438 1739 519 1803 datio
537 1741 624 1805 Stato
640 1739 816 1804 aii'Armata
834 1740 978 1813 Cesarea,
1000 1743 1110 1806 ail'ora
1133 1743 1193 1807 che
1214 1763 1273 1807 con

65 1851 227 1935 prudente
244 1848 405 1930 consigiio,
423 1849 512 1932 quale
528 1868 590 1911 non
607 1849 712 1912 manci)
728 1868 785 1932 per
802 1849 876 1914 altro
894 1849 931 1912 da
955 1850 1020 1912 suoi
1044 1851 1131 1914 emoli
1149 1848 1272 1914 d'csaer

63 1959 164 2022 molto
184 1957 325 2020 criticato
342 1956 363 2018 it
378 1954 569 2019 Marescialto
586 1953 639 2018 Co.
657 1955 688 2018 di
703 1956 877 2037 Konigseclr
890 1954 917 2042 ¹)
938 1977 993 2038 per
1009 1958 1215 2038 presservarla
1232 1958 1270 2020 da
1400 1985 1403 1989 ·

66 2083 107 2127 un
132 2063 312 2128 imminente
336 2063 487 2147 periculo,
513 2063 540 2124 ia
564 2063 715 2126 condusse
737 2063 820 2126 salva
844 2064 892 2125 nel
916 2063 1035 2135 Tirolo,
1059 2063 1188 2127 tacendo
1212 2083 1270 2127 nna

64 2173 192 2235 ritirata
209 2173 275 2235 cosi
295 2170 458 2234 onorcvole
474 2171 502 2234 in
519 2190 595 2255 poca
613 2171 749 2236 distensa
780 2169 831 2236 de'
843 2171 970 2243 nemioi,
992 2190 1083 2234 senza
1108 2171 1135 2233 la
1151 2169 1271 2234 benche
1362 2199 1364 2203 ⁴

63 2283 196 2344 minima
212 2279 341 2362 perdita.

162 2391 214 2455 Ma
231 2409 288 2472 per
302 2388 426 2468 Publica
443 2389 569 2453 fattalitd
591 2409 649 2452 non
672 2389 837 2456 essendovi
862 2391 919 2452 mai
943 2394 1021 2452 stato
1045 2409 1115 2452 caso
1139 2389 1170 2453 di
1193 2387 1270 2452 rite-

69 2519 149 2564 vare
168 2499 191 2561 ii
208 2517 282 2563 vero
298 2499 443 2583 importat
459 2499 498 2563 de
521 2499 631 2563 crediti
653 2498 691 2562 de
713 2499 844 2576 sudditi,
868 2519 886 2563 e
910 2519 967 2563 nou
990 2498 1106 2563 avendo
1130 2499 1161 2562 io
1183 2517 1267 2563 com·

69 2609 233 2678 missione,
254 2606 311 2669 ohe
328 2606 358 2669 di
375 2607 501 2670 dotermi
518 2607 548 2667 in
566 2626 681 2688 genere
703 2608 741 2670 de
764 2606 892 2684 diffetti,
915 2628 973 2671 non
998 2609 1036 2670 mi
1058 2606 1091 2670 n
1111 2626 1267 2691 permenso

71 2717 103 2779 di
121 2715 312 2779 convincere
327 2715 339 2776 i
354 2713 495 2786 Ministri,
512 2716 522 2776 i
538 2713 619 2797 quali
636 2705 725 2797 sopra
742 2715 773 2778 ie
789 2715 929 2779 retanioni
946 2713 1166 2795 degl’Udiciaii
1182 2734 1268 2779 asse·

23 2828 26 2830 ’
68 2826 181 2889 rivann
199 2840 259 2883 non
278 2821 394 2884 esservi
410 2821 440 2885 ic
456 2827 619 2900 osagerate
641 2840 822 2893 mandanae,
846 2822 984 2887 dovendo
1002 2841 1059 2906 per
1073 2825 1156 2885 tanto
1174 2822 1193 2885 ii
1210 2823 1269 2886 mio

69 2932 141 2995 nelo
159 2928 310 3005 resiariu
327 2928 434 3011 questo
451 2929 608 3011 proposito
624 2928 808 2994 inofficioso.

164 3037 279 3102 Nonio
297 3036 419 3119 supero
436 3036 649 3118 inprogrcaso
676 3055 768 3119 sopra
793 3038 822 3101 lo
845 3044 945 3101 stesso
968 3039 1150 3121 importante
1172 3058 1267 3121 argo-

68 3151 199 3215 mento,
226 3148 345 3207 mentre
372 3143 474 3227 doppo
503 3144 670 3208 consumati
691 3124 880 3207 inutitmonte
902 3146 988 3229 quasi
1012 3145 1071 3211 due
1093 3146 1163 3209 anni
1185 3144 1265 3207 aelia

69 3253 237 3338 Provincia
254 3270 346 3314 senaa
363 3258 451 3334 poter
468 3257 607 3315 ottenere
623 3251 700 3315 datia
717 3252 829 3315 malitia
847 3250 895 3315 de*
903 3251 1129 3316 commendanti
1142 3252 1268 3317 Cesarei

71 3362 100 3423 la
136 3365 223 3450 tante
251 3359 333 3422 volte
363 3359 499 3421 ordinata
530 3358 731 3444 liquidanione
764 3358 803 3422 de
835 3359 966 3430 crediti,
1003 3362 1131 3422 rimeaso
1163 3361 1266 3442 poseia

23 3528 30 3543 ,
73 3467 266 3552 negi'uitimi
283 3466 425 3529 momenti
441 3465 491 3529 dcl
507 3466 567 3529 mio
582 3466 716 3549 impingo
733 3466 754 3527 il
771 3466 932 3547 maneggio
949 3466 1006 3529 atta
1022 3467 1079 3529 mia
1092 3465 1267 3538 deiolenta,

13 3589 14 3592 ’
72 3578 158 3659 potei
176 3574 227 3635 net
245 3558 338 3637 breve
353 3572 512 3637 intervallo
529 3573 560 3635 di
575 3591 654 3655 poco
670 3574 723 3656 piis
739 3571 814 3636 d'un
839 3592 924 3637 mese
946 3574 1158 3647 concluderto,
1181 3594 1198 3637 e
1219 3575 1268 3637 cii

73 3706 90 3745 a
106 3684 215 3746 trente
232 3681 262 3743 di
279 3682 353 3744 tanti
369 3680 497 3743 astacoii
514 3680 659 3751 ritrovati,
677 3699 694 3742 o
711 3679 792 3761 degl'
801 3668 1008 3763 impedimenti
1032 3682 1180 3765 promossi
1203 3681 1268 3745 sino

70 3792 121 3855 dal
150 3788 270 3853 Noncio
299 3788 474 3859 Pontificio;
504 3788 658 3851 rilcvatoai
687 3788 734 3850 dal
757 3787 921 3856 medesimo
943 3794 1053 3875 quanto
1076 3807 1223 3872 operavo,
1247 3788 1269 3851 it

73 3900 133 3963 che
152 3917 213 3961 non
230 3901 342 3981 poteva
358 3901 459 3959 restar
478 3895 601 3960 occuito
618 3916 675 3978 per
690 3914 763 3957 aver
779 3894 890 3965 dorato
912 3903 1037 3961 trattare
1053 3916 1112 3960 non
1129 3897 1193 3958 solo
1210 3914 1270 3959 con

13 4043 14 4058 κ
73 4008 96 4070 li
125 4005 261 4068 Ministri
284 4005 364 4067 delia
387 4002 598 4074 Contereuza,
623 4021 671 4065 ma
694 4022 750 4066 con
775 4004 844 4064 tutti
869 4004 960 4088 quelli
983 4002 1031 4067 del
1054 4000 1211 4083 Consigiio
1239 3999 1269 4063 di

13 4191 14 4200 ἵ
72 4134 201 4196 guerra,
219 4112 378 4175 deli’altro
395 4110 529 4183 d'ltaiia,
553 4130 571 4173 e
595 4111 676 4173 della
698 4108 842 4180 Camere,
866 4110 957 4174 cercd
983 4110 1013 4173 di
1034 4111 1120 4171 farne
1141 4127 1271 4190 sospen-

13 4207 15 4220 ’
73 4222 152 4283 dere
169 4220 197 4281 la
214 4219 428 4291 conclusione,
453 4218 666 4301 proffessando
683 4238 742 4281 non
759 4232 850 4281 casco
866 4218 979 4300 giusto,
997 4214 1184 4279 ch'andasse
1207 4213 1270 4276 dis-

13 4363 14 4378 ι
73 4328 179 4407 giunta
197 4327 234 4390 da
251 4324 354 4410 quello
371 4326 435 4407 egti
451 4330 578 4391 trattava
595 4346 653 4411 per
676 4346 733 4390 una
756 4330 855 4391 stesso
878 4344 968 4389 causa
990 4327 1021 4391 in
1044 4323 1271 4389 riasarcimento

72 4486 398 4499 ..n—-u--n———v

13 4525 15 4596 i
97 4564 121 4623 ¹)
140 4565 287 4625 Kduigsegg.
