3142 5100
1219 335 1386 472 141⁷

193 576 218 636 Α
235 578 343 658 questo
360 571 479 636 nioohio
496 570 655 635 m'aeoade
671 576 841 654 opportuno
866 571 896 634 di
914 575 1035 655 pariare
1056 572 1107 635 dei
1130 574 1297 654 passaggio

104 681 189 746 delle
205 687 315 765 troppo
331 681 464 744 cesaree
481 699 537 762 per
552 681 563 742 i
580 678 697 743 Publici
711 679 799 742 sisti.
823 680 866 743 La
884 682 1018 762 positura
1035 680 1084 743 dei
1101 682 1261 745 medesimi
1278 685 1295 748 ὁ

99 792 175 861 tole,
193 789 252 852 ohe
275 788 394 872 quando
417 807 475 850 non
492 789 518 849 si
536 787 582 849 usi
599 786 627 849 lo
643 788 688 849 via
705 786 755 850 dei
779 805 882 858 moro,
907 808 996 870 sopra
1020 789 1050 852 di
1075 789 1133 852 ohe
1156 789 1191 852 od
1219 791 1295 853 altro

99 914 198 977 passo
223 895 315 957 averio
338 894 447 958 motivo
472 891 678 956 d’oooennoro
701 891 833 974 qualche
857 911 948 966 oosn,
972 895 1072 978 questi
1094 896 1214 958 transiti
1238 917 1297 980 por

99 1010 216 1086 troppo
233 1002 385 1066 domoon
402 1001 528 1082 segnire
550 1021 606 1084 per
627 1001 637 1062 i
659 1001 806 1081 territorii
830 1000 859 1063 di
888 1001 921 1064 V.
939 983 985 1072 S„
1002 1002 1165 1066 riusoendo
1182 1008 1295 1086 troppo

101 1109 210 1192 iunge,
226 1129 245 1172 e
260 1115 370 1192 troppo
386 1108 542 1172 ineornods
559 1109 658 1193 quello
679 1107 718 1170 de
736 1107 913 1190 Griggioni,
936 1108 1016 1171 eh'e
1038 1110 1065 1174 lo
1082 1111 1161 1182 soln.
1186 1112 1257 1174 ohe.
1269 1114 1300 1175 in

104 1237 180 1281 caso
199 1217 320 1280 diverso
337 1215 488 1299 potrebbe
503 1216 688 1299 prattioorsi.

194 1323 262 1386 Tnli
286 1322 416 1386 essendo
441 1323 560 1407 dunque
584 1324 612 1386 le
636 1325 824 1388 oiroosionze
849 1322 928 1387 delio
955 1343 1042 1395 oosa,
1072 1345 1130 1388 non
1153 1327 1213 1407 pun
1242 1326 1301 1390 ohe

100 1432 243 1495 cereorsi
257 1432 278 1493 ii
294 1430 382 1495 rnodn
399 1430 429 1493 di
444 1428 673 1513 possibiirnente
700 1431 833 1494 minoren
852 1431 874 1494 il
896 1449 990 1513 grave
1015 1432 1170 1506 diatonon,
1195 1433 1301 1517 poreii

98 1538 385 1602 1·Ecemo.8enat0
401 1536 439 1601 ho
454 1557 578 1620 sempre
593 1543 768 1620 procurato,
778 1537 835 1602 ohe
851 1538 889 1618 sij
907 1539 1066 1621 prettionio
1078 1540 1105 1603 lo
1116 1540 1179 1604 solo¹
1193 1541 1297 1604 sinodo

102 1647 136 1710 di
165 1647 331 1728 Compara,
360 1665 448 1708 come
476 1645 590 1728 qneiio.
618 1645 677 1709 ohe
707 1645 805 1709 iibere
828 1645 857 1708 in
888 1666 927 1710 un
953 1648 997 1710 soi
1026 1648 1133 1727 giorno
1156 1649 1166 1710 i
1188 1648 1303 1712 sudditi

104 1751 360 1818 dall'ineomodo.
377 1755 418 1817 iiii
436 1755 453 1816 e
468 1774 544 1818 oneo
561 1754 686 1817 rioseiio
704 1773 722 1816 a
739 1755 838 1817 fronto
866 1754 897 1818 oi
918 1755 1121 1836 grandissimo
1142 1755 1299 1825 difficilis,

103 1881 271 1946 promosse
298 1859 520 1942 degl'Uiiioioii
544 1860 575 1924 di
605 1862 804 1942 oonseguire,
836 1860 893 1925 ohe
917 1862 944 1924 la
967 1868 1066 1927 stesso
1088 1862 1126 1942 sij
1149 1862 1179 1924 di
1202 1882 1301 1926 nuovo

104 1971 263 2036 sostiiuitn
289 1970 421 2033 oll'nltrn
442 1975 559 2033 trovato
581 1969 620 2032 da
642 1967 765 2032 Cesarei
788 1968 838 2050 pii
861 1969 1017 2032 commodo
1041 1970 1070 2032 di
1098 1970 1300 2053 Bussoiengo‚

109 2077 279 2144 ottenendo
295 2078 327 2140 in
343 2078 421 2140 oltre
436 2096 499 2140 non
515 2090 607 2140 senza
629 2076 748 2148 sainna,
772 2075 831 2139 ohe
853 2094 870 2137 o
893 2076 1058 2140 differenza
1086 2075 1183 2140 d'una
1210 2077 1302 2159 lunga

109 2186 235 2271 proiice
261 2185 425 2250 introdotia
448 2184 549 2268 doppo
573 2183 792 2268 i'ontepassaia
816 2182 978 2248 neutroliii
1001 2184 1026 2246 si
1051 2183 1149 2248 debbn
1174 2185 1204 2246 in
1227 2203 1303 2248 reoe

102 2295 135 2359 di
153 2294 328 2378 quistione,
343 2293 440 2356 chesi
453 2291 651 2355 riios'eiovono
664 2311 760 2375 pogar
776 2292 824 2354 eol
840 2290 925 2356 soldo
942 2292 1000 2354 siin
1013 2309 1098 2354 rnano
1112 2296 1188 2355 tuito
1201 2291 1302 2376 quello

105 2403 201 2466 riene
217 2399 463 2474 somministrato,
479 2398 611 2470 metodo,
628 2398 676 2461 dal
692 2398 782 2481 quale
798 2398 929 2481 imporie
944 2391 1037 2462 molto
1054 2398 1084 2461 di
1101 2418 1162 2461 non
1185 2401 1303 2462 eomin-

106 2511 177 2575 eior
192 2529 209 2571 a
225 2506 391 2579 declinare.
408 2506 517 2572 menir'
533 2509 550 2571 ὲ
567 2507 635 2571 inor
650 2507 681 2571 di
698 2506 823 2579 dunois,
837 2506 895 2571 ohe
909 2505 1040 2590 petendo
1053 2507 1078 2571 si
1092 2505 1303 2572 ritornarebbe

105 2618 161 2701 piri
179 2616 238 2680 ebe
254 2614 413 2680 rninntieri
429 2615 594 2679 nii'nsitotn
611 2615 727 2696 pration
743 2614 774 2677 di
790 2613 968 2678 diioiionare
985 2618 994 2678 i
1011 2616 1196 2697 pognnsenti.

200 2723 268 2787 Non
284 2742 375 2806 posso
391 2724 442 2806 poi
456 2724 487 2785 in
505 2726 615 2806 questo
631 2722 787 2805 proposito
806 2721 836 2785 di
851 2723 972 2786 transiti
989 2729 1092 2787 tacere
1121 2724 1171 2785 oii’
1183 2724 1306 2788 Eoonno.

104 2832 229 2896 Soneio
252 2840 293 2894 un
316 2831 377 2893 rnio
395 2830 525 2902 duhhio;
549 2831 578 2893 di
595 2848 709 2893 sommo
725 2848 867 2912 premurn
890 2830 921 2893 di
939 2830 972 2894 V.
992 2830 1024 2895 S.
1043 2831 1061 2893 ὸ
1082 2835 1161 2895 staro
1184 2850 1305 2914 sempre

107 2937 301 3023 d'irnpedire
316 2937 566 3022 singolarmente,
584 2937 642 3000 ohe
663 2954 798 3019 seguono
820 2956 879 3019 per
902 2938 923 3000 il
944 2936 1058 3011 Friuii,
1088 2939 1198 3022 poio'he
1227 2939 1305 3002 oltre

105 3047 166 3110 olio
186 3044 300 3130 qooiiiii
315 3062 393 3127 poco
416 3043 509 3109 feline
534 3044 565 3108 di
588 3047 660 3129 quei
683 3044 843 3126 territorii
867 3045 896 3107 vi
920 3046 937 3108 e
958 3045 1167 3129 i'importonte
1189 3047 1307 3131 riflesso

106 3153 193 3218 delia
220 3151 419 3234 lunghissima
441 3151 595 3223 sturione,
620 3150 678 3217 ohe
705 3152 837 3215 tenendo
866 3156 972 3237 qnesis
1001 3154 1103 3217 otrodo
1131 3154 1159 3217 le
1183 3159 1307 3237 troppo,

106 3262 229 3325 derono
246 3278 303 3342 per
319 3258 475 3321 necessiti
490 3258 557 3321 fore
569 3278 665 3341 sopra
680 3258 702 3322 il
718 3258 844 3323 Publioo
861 3259 960 3324 Staio.
992 3261 1025 3322 ln
1043 3262 1113 3342 ogni
1132 3262 1306 3331 occasione,

106 3370 148 3433 ed
166 3367 265 3432 anche
283 3365 351 3429 neii'
358 3367 462 3429 ultima
478 3366 500 3428 il
514 3374 609 3450 punto
626 3366 644 3429 ὸ
660 3371 739 3430 stato
755 3372 912 3431 sostenuto
930 3387 985 3433 oon
1004 3372 1086 3431 tento
1109 3368 1225 3450 rigore,
1249 3369 1307 3432 ohe

105 3479 135 3542 si
151 3478 171 3539 e
189 3476 289 3540 auehe
312 3476 496 3539 frastornotn
519 3473 547 3536 lo
569 3474 731 3558 oonoepito
752 3472 837 3545 ideo.
861 3471 1054 3539 serrendone
1081 3474 1110 3538 di
1133 3477 1307 3541 testimonio

111 3587 176 3650 ben
191 3583 357 3647 manifesto
374 3582 540 3646 l'ottenuin
555 3582 783 3645 retrocessione
800 3580 830 3643 di
846 3578 937 3644 4000
956 3580 1059 3644 Oronti
1072 3582 1122 3663 gii
1135 3583 1309 3648 inseminati

107 3713 169 3778 per
185 3690 285 3777 quello
301 3689 392 3754 volis.

202 3800 252 3863 Ma
274 3798 451 3862 iatnimente
474 3816 567 3861 senza
590 3798 698 3860 alonna
721 3790 825 3879 previa
844 3799 1081 3881 negoriozione,
1110 3797 1221 3863 oll'oro
1249 3799 1307 3862 ohe

109 3908 229 3972 cesare
245 3905 343 3990 penso
360 3904 576 3989 oiiirnproriso
594 3906 624 3968 di
641 3903 811 3969 rimandore
829 3904 899 3969 neli'
911 3908 972 3970 aito
990 3905 1070 3969 delio
1086 3908 1242 3990 signatura
1266 3906 1306 3969 de

109 4013 303 4078 Preiiminnri
327 4017 437 4097 troppo
459 4012 537 4076 nella
553 4012 714 4077 Provincia
736 4012 767 4075 in
790 4032 935 4078 sooeorso
961 4012 1039 4077 dello
1062 4012 1143 4077 citio
1170 4012 1200 4076 di
1221 4014 1308 4076 Mon-

109 4130 199 4193 tovo,
228 4141 263 4185 se
285 4141 324 4184 ne
351 4140 425 4185 sono
447 4120 560 4194 inrisio
587 4120 624 4183 od
654 4125 783 4202 oggerio
813 4120 1013 4185 d'aoeorrere
1041 4126 1254 4205 prontamente
1282 4122 1309 4183 oi

108 4229 244 4311 bisogno
261 4246 319 4312 per
335 4232 411 4292 tutte
427 4227 563 4309 leporii,
587 4228 728 4292 rosione
749 4248 807 4312 per
827 4230 855 4293 lo
877 4230 974 4312 primo
996 4228 1076 4293 volta
1101 4231 1127 4294 si
1150 4231 1167 4292 ὸ
1193 4229 1309 4321 caicato
1393 4284 1395 4289 ,

110 4340 212 4403 anohe
230 4337 331 4421 quella
348 4336 398 4400 del
414 4336 520 4408 Frisii,
536 4358 553 4400 o
569 4336 660 4401 toooo
677 4356 693 4401 a
710 4356 759 4399 me
774 4337 812 4399 nd
828 4336 1013 4400 incontrorle
1031 4337 1062 4399 in
1079 4339 1237 4405 cannino.

121 4516 127 4519 ,
204 4446 247 4509 La
264 4445 511 4509 dissimuiazione
526 4451 610 4510 ussto
626 4447 658 4509 in
674 4444 884 4510 ioii'inooniro
901 4446 932 4510 in
947 4446 1046 4528 graiis
1069 4446 1126 4509 alla
1150 4446 1312 4530 speoioiiii

111 4554 193 4617 delia
210 4555 420 4636 congionioro,
445 4574 492 4616 mo
514 4556 605 4620 molto
629 4554 683 4638 pii
706 4553 727 4616 ii
752 4572 811 4616 non
837 4554 940 4619 overvi
966 4552 995 4615 in
1022 4551 1126 4616 effetio
1151 4554 1314 4618 ritrovoiii
