3142 5100
1201 380 1271 450 121

70 557 191 620 vincia.
210 556 389 636 Cnmnnqne
403 554 486 615 fasse
502 553 533 613 di
548 573 588 614 un
601 552 662 614 tale
675 551 819 633 giudizio,
834 553 893 634 egli
908 556 925 616 b
938 551 1116 622 indubitato,
1132 553 1189 615 ebe
1202 558 1277 616 tutto

71 663 94 726 il
115 663 265 726 Governo
282 664 442 724 businiaco
465 662 497 723 sb
513 659 663 730 barriso,
682 659 740 722 ebe
761 680 821 723 non
843 663 867 722 si
889 680 1033 742 pensasse
1056 662 1172 744 aripar
1188 661 1278 742 piede

71 771 129 838 nei
144 771 237 832 Paesi
255 770 388 852 perduti,
411 767 621 850 consigliandn
637 769 747 852 alcuni·
756 769 880 851 persiae
902 770 932 832 di
945 769 1137 832 amanteilare
1154 769 1181 831 ia
1198 767 1278 832 cita

72 877 103 939 di
118 879 275 949 Mantora,
292 898 310 939 e
326 899 366 940 ne
382 884 475 940 stette
491 879 520 940 in
538 877 648 939 dubbio
665 878 693 938 ia
711 875 935 940 deliberatione
952 898 1006 960 per
1023 878 1153 961 alquanti
1163 877 1276 958 giorni.

70 983 179 1046 Ailora
202 984 324 1067 dunque
348 984 358 1044 i
381 984 507 1064 signori
528 984 695 1066 Spagnuoii
718 984 751 1045 di
768 983 883 1046 Vienna
905 985 1078 1048 abhorrenti
1100 980 1137 1046 iia
1160 985 1186 1046 si
1201 984 1276 1046 faita

70 1093 240 1174 consigiio‚
257 1113 275 1153 e
291 1112 347 1174 per
363 1092 440 1153 altro
456 1091 593 1174 incapaci
610 1090 640 1152 di
657 1091 857 1156 contrastarIo
876 1111 931 1174 per
946 1091 1180 1155 l'antnritbloro
1192 1110 1276 1154 man-

69 1207 153 1270 eata,
181 1219 242 1262 nnn
264 1186 435 1263 lasciarono
452 1200 483 1261 di
500 1219 708 1279 esaggerarne
724 1199 744 1260 ii
761 1185 820 1262 mai
836 1200 939 1262 effeta
957 1198 1035 1262 neila
1053 1199 1226 1262 oeeassiani
1243 1197 1273 1260 di

69 1309 199 1372 redersi
225 1329 313 1371 meno
340 1309 604 1389 famigiiarmente‚
629 1306 870 1391 persuadendnsi
895 1327 999 1370 essere
1022 1307 1052 1370 in
1073 1326 1122 1370 me
1148 1327 1185 1369 nn
1209 1306 1278 1389 pari

69 1417 242 1486 interesse,
261 1416 319 1479 cbe
337 1416 466 1479 andasse
482 1419 572 1480 vnete
588 1415 609 1477 ii
626 1415 796 1478 machinato
814 1415 952 1496 disegno.
970 1415 1079 1495 Quindi
1097 1434 1277 1478 rammemo-

69 1543 188 1586 ravano
205 1523 232 1586 ia
248 1524 459 1587 moderateana
475 1524 524 1586 dei
543 1523 673 1605 Principi
692 1522 722 1584 di
739 1522 815 1585 Casa
832 1521 1001 1595 d'nustria,
1019 1544 1037 1585 e
1055 1527 1062 1586 i
1082 1521 1194 1604 iegami
1207 1523 1272 1585 iore

70 1629 155 1693 ceila
171 1628 371 1712 Repubbiica.
389 1631 413 1692 Ε
435 1631 485 1713 ροί
510 1630 676 1710 seguirane
693 1647 751 1692 eon
767 1629 902 1692 additare
919 1631 949 1692 in
967 1631 1101 1714 esempin
1118 1630 1128 1691 i
1145 1631 1188 1694 23
1206 1630 1275 1692 anni

72 1737 149 1800 deii'
164 1738 295 1819 Imperio
310 1738 339 1800 di
352 1737 441 1800 Cario
455 1738 556 1808 Sesto,
577 1736 798 1820 praetendendo,
820 1738 877 1800 ebe
886 1739 919 1800 V.
932 1738 965 1798 V.
977 1740 1012 1801 Ε.
1022 1739 1055 1802 Ε.
1074 1759 1133 1802 non
1149 1739 1276 1802 abbiano

72 1845 133 1907 mai
164 1845 297 1908 vicinata
325 1865 383 1908 eon
409 1846 461 1928 piri
488 1844 613 1917 sicnrtb,
638 1867 654 1906 e
683 1851 762 1907 sotto
793 1844 862 1908 tede
884 1848 1039 1926 migiiore;
1065 1847 1094 1908 di
1117 1847 1176 1909 ebe
1205 1866 1276 1908 esse

73 1951 260 2021 medesime,
279 1952 376 2031 giusta
401 1953 420 2013 ii
443 1952 490 2014 dir
512 1953 589 2022 lore,
613 1971 727 2013 areana
751 1951 879 2015 renduto
901 1952 982 2017 buon
1003 1955 1175 2016 testimonio
1198 1953 1276 2016 colle

73 2059 269 2142 pnebissime
290 2064 401 2142 trappe
420 2058 617 2122 inbrattenute
630 2079 648 2120 a
660 2059 796 2122 custodia
810 2059 888 2122 delia
900 2062 997 2124 Terra
1011 2062 1128 2132 Ferme,
1145 2062 1274 2144 rispetto

72 2185 90 2227 a
113 2168 165 2228 cni
191 2166 338 2229 dieevano
367 2171 449 2230 tutte
473 2167 502 2228 ie
525 2166 693 2231 differente
716 2186 823 2230 essere
844 2174 921 2230 state
943 2172 1100 2251 pertenui
1124 2170 1223 2250 litiggj
1247 2170 1277 2232 di

72 2274 197 2336 confine
214 2274 380 2355 risorgenti
404 2275 436 2336 di
452 2278 544 2337 iratto
561 2275 711 2347 inamata,
737 2294 754 2336 e
771 2275 887 2338 rimasti
903 2295 994 2338 senaa
1012 2275 1115 2340 effetto
1132 2277 1274 2341 notabile.

72 2381 121 2442 bia
144 2383 213 2444 cosi
235 2402 295 2443 nen
316 2381 458 2454 sarebbe,
482 2381 680 2466 ripigliavann
703 2383 775 2453 essi,
801 2384 924 2466 qualora
948 2382 975 2447 ia
1001 2384 1076 2447 Casa
1101 2384 1130 2447 di
1154 2386 1277 2469 Spagna

73 2489 274 2552 circondasse
290 2489 333 2569 gli
347 2489 425 2553 Stati
439 2488 620 2561 Veneaiaai3
638 2509 656 2552 e
673 2509 690 2552 a
706 2495 813 2573 questo
831 2510 921 2574 passo
938 2499 1106 2557 mettevann
1122 2495 1153 2555 in
1170 2513 1276 2559 meana

73 2605 188 2680 quante
211 2599 264 2678 piri
285 2597 405 2677 regioni
428 2616 577 2679 sapevano
600 2616 656 2679 per
679 2596 815 2661 dednrne
839 2599 859 2660 ii
876 2603 1137 2681 peggioramento,
1163 2601 1220 2664 ebe
1238 2622 1276 2665 ne
1365 2622 1370 2632 ·

74 2704 275 2768 arriverebbe
289 2704 368 2767 deiie
382 2724 467 2775 cnse,
481 2706 508 2766 ie
525 2705 605 2788 quali
621 2705 738 2785 regioni
755 2706 783 2768 ia
799 2706 927 2770 iascierb
937 2708 972 2771 da
986 2714 1084 2794 parte,
1097 2710 1224 2793 perche,
1242 2729 1277 2773 se

74 2830 151 2874 sono
175 2811 288 2883 fieroii,
314 2831 372 2874 nnn
389 2831 517 2875 occorre
532 2811 670 2892 ailungar
686 2813 716 2874 di
734 2832 804 2877 esse
822 2821 928 2897 questa
945 2816 1112 2888 relacione,
1128 2836 1145 2879 e
1163 2836 1197 2879 se
1216 2818 1275 2880 mai

75 2922 199 2983 tessera
216 2920 326 2994 bunne,
345 2920 452 2982 Vestra
469 2920 613 2983 Sereniib
635 2920 664 2983 ie
677 2922 772 3003 saprb
790 2923 954 3004 concepire
972 2925 1009 2986 da
1026 2944 1060 2987 se
1076 2925 1138 2987 scia
1156 2924 1201 2987 eni
1220 2943 1275 2989 suo

75 3027 226 3090 altissimo
241 3028 464 3090 intentimento.

168 3136 218 3197 bia
231 3135 379 3197 tornando
393 3134 420 3196 ai
434 3136 588 3219 proposito
606 3136 637 3199 ib
653 3136 736 3200 detto
752 3137 857 3209 aliena,
875 3140 932 3201 ebe
946 3139 1058 3203 Cesare
1072 3139 1160 3203 abbia
1173 3146 1276 3204 seste-

77 3249 151 3306 nntn
168 3243 235 3305 soie
252 3243 274 3304 ii
290 3263 400 3326 parere
418 3245 568 3307 contrario
585 3264 603 3306 e
619 3245 753 3308 ricasato
770 3245 800 3307 di
818 3246 1030 3311 abbandonare
1047 3248 1167 3319 l'ltaiia,
1192 3269 1276 3313 conae

75 3352 101 3412 si
123 3351 225 3423 vuele,
251 3353 309 3415 cbe
333 3354 453 3414 facesse
470 3372 545 3416 anco
563 3350 583 3413 i'
596 3373 673 3416 anno
690 3355 819 3425 innanzi,
845 3375 902 3417 non
921 3355 1114 3419 secondando
1132 3356 1151 3417 ii
1168 3357 1275 3417 mede-

75 3459 154 3521 simo
176 3458 326 3539 consigiio
349 3459 502 3522 attribuito
524 3458 601 3522 daila
618 3460 696 3522 fama
711 3461 739 3524 al
755 3461 898 3545 Principe
916 3462 1061 3543 Eugenio,
1085 3462 1201 3527 sebben
1218 3481 1276 3525 eon

75 3571 206 3647 oggeito
230 3564 411 3636 differente,
437 3568 504 3630 cine
526 3567 558 3629 di
579 3573 709 3630 mettere
732 3589 748 3629 a
772 3568 885 3631 dovere
908 3571 928 3631 ii
950 3571 1075 3642 Basaro,
1100 3572 1178 3634 ende
1201 3572 1277 3635 faite

77 3674 175 3750 iibere
197 3675 226 3735 ie
243 3674 340 3756 spalie
355 3676 514 3737 trasserire
538 3676 557 3737 i'
572 3678 684 3759 empitn
700 3678 779 3740 della
794 3697 905 3758 guerra
924 3681 949 3741 ai
968 3680 1062 3755 Rene,
1080 3699 1097 3741 a
1114 3688 1276 3762 penetrare

77 3782 157 3845 nelle
173 3781 335 3845 Provineie
350 3781 506 3845 Franeese
529 3786 681 3848 eercando
699 3787 764 3847 cesi
779 3787 812 3848 di
828 3787 946 3851 rinvere
963 3788 983 3850 ii
1001 3790 1129 3871 perduto
1146 3792 1176 3851 in
1193 3789 1276 3852 ltalia
1398 3798 1409 3817 ·

77 3891 145 3952 anni
161 3910 218 3972 per
234 3892 290 3952 via.
298 3890 329 3952 di
345 3890 529 3961 diversione,
555 3891 614 3954 ebe
631 3913 690 3955 non
707 3886 954 3976 guerreggiando
972 3898 1003 3958 in
1019 3918 1054 3961 su
1071 3896 1099 3960 la
1115 3898 1211 3960 faccia
1228 3897 1276 3959 dei

79 3997 180 4079 lunge.
199 3997 256 4061 Dei
274 4004 358 4061 resto
377 4007 488 4082 quante
505 4020 522 4062 a
540 4001 647 4064 Vestra
663 4001 808 4065 Serenitb
825 4023 883 4067 nen
900 4006 925 4065 si
943 4003 1021 4068 ebbe
1039 4007 1096 4067 mai
1113 4004 1275 4067 diffidenza

79 4105 206 4169 formale
223 4106 271 4169 dei
288 4107 319 4169 di
335 4106 375 4170 lei
392 4108 505 4183 animo,
518 4128 564 4170 ma
580 4109 725 4191 pinttosto
740 4110 774 4171 fb
789 4114 911 4182 temate,
927 4110 985 4196 ebe
1001 4112 1057 4175 eila
1074 4133 1131 4175 non
1148 4112 1173 4175 si
1192 4113 1275 4176 ridu-

80 4232 169 4275 eesse
184 4236 200 4275 a
218 4216 411 4298 compiaeere
427 4215 471 4298 gii
487 4215 594 4279 Aiieati
612 4236 668 4299 per
683 4218 873 4298 seggezione
889 4219 938 4281 dei
954 4221 1019 4282 iero
1036 4221 1232 4303 prednminin.
1251 4220 1275 4283 Ε

13 4401 14 4404 ¹
80 4338 169 4402 sopra
192 4328 271 4386 tutte
287 4324 313 4387 si
329 4329 423 4387 stette
440 4325 469 4386 in
486 4323 601 4388 Vienna
617 4326 812 4405 iungamente
829 4326 858 4389 in
875 4347 980 4409 paura,
1006 4330 1063 4393 obe
1080 4330 1108 4393 d·
1119 4350 1159 4391 un
1176 4328 1274 4403 modo,

12 4479 15 4492 ,
81 4448 98 4491 ο
123 4430 194 4492 dell·
209 4432 285 4495 altro
311 4451 370 4493 non
394 4434 421 4495 si
442 4436 674 4500 assienrassere
701 4436 780 4498 delia
798 4434 877 4499 eina
894 4435 924 4498 di
942 4416 1076 4500 Verona.¹
1088 4439 1209 4500 lniorno
1226 4439 1276 4520 poi

82 4535 139 4601 alia
156 4558 231 4621 paee
247 4540 275 4603 si
293 4539 462 4621 giudicara,
479 4542 595 4607 eb'ella
611 4543 796 4626 piaeerebbe
814 4543 868 4606 aila
886 4544 1072 4626 Repnbbiica
1088 4564 1145 4627 per
1162 4545 1276 4629 i'eqni·
