3142 5100
1188 397 1265 469 203

68 591 131 673 egli
161 591 305 673 impegno
334 590 364 653 di
391 588 485 653 doner
512 589 542 650 in
571 606 641 652 esso
669 587 913 670 d’sggressione
945 588 984 651 de
1016 587 1094 652 Steti
1117 587 1268 653 Austrinei

66 701 185 763 foroire
203 720 243 763 on
259 718 405 763 oooeorso
423 698 599 763 d'ottomitts
615 696 749 767 Uomini;
773 714 826 759 ors
848 701 971 779 pretese
986 694 1014 757 ln
1038 694 1131 759 Corte
1147 694 1268 761 d’esser

68 808 100 871 in
129 808 222 870 dritto
248 806 420 888 d'esigerio
443 806 473 868 in
500 803 599 888 quest·
621 804 792 867 occasione.
820 805 974 887 Aquesto
1001 800 1119 867 rieeren
1141 804 1216 885 perio
1240 804 1267 867 si

10 919 28 959 ¹
68 914 173 978 ributio
192 914 211 976 ii
228 913 273 977 Re
284 915 441 995 Augusto,
460 909 669 995 proffesoondo
685 910 715 976 di
731 930 790 975 non
814 930 905 975 erere
920 910 996 974 neila
1014 890 1159 992 pres'ente
1174 932 1267 975 oeso-

67 1023 157 1087 sione
174 1021 263 1085 aleon
280 1020 393 1085 debito.
414 1019 568 1085 Combioto
585 1020 687 1105 porois
705 1019 725 1081 ii
742 1019 862 1084 metodo
885 1019 961 1083 delio
978 1017 1126 1089 (timendo,
1143 1019 1266 1083 sommi·

67 1130 167 1193 mintrio
186 1129 207 1193 il
224 1130 268 1193 ite
284 1136 418 1209 Augooto
442 1127 587 1192 ottomilie
603 1126 738 1197 Uomioi,
759 1144 906 1191 soeoorso
926 1145 984 1191 non
1006 1126 1129 1191 riuseito
1150 1125 1267 1196 inutile.

63 1235 229 1302 essendosi
251 1254 307 1318 per
328 1236 356 1297 la
380 1234 478 1299 veriti
498 1233 643 1317 diportsti
664 1234 696 1299 in
711 1252 770 1297 ono
786 1233 872 1297 oeldo
905 1233 1067 1299 occasione
1090 1234 1116 1297 si
1139 1232 1268 1297 Timoeh

63 1347 319 1409 voiorosomente.

159 1450 344 1514 S'ioesmini
361 1447 650 1515 intantoi'eseroito
668 1446 873 1511 commendato
894 1447 941 1511 dni
954 1446 1162 1513 Sechendorff
1174 1468 1265 1513 verso

63 1560 173 1630 Nissn,
204 1558 370 1622 riduoendo
396 1558 428 1619 in
457 1563 546 1639 poter
579 1574 636 1623 sno
662 1574 757 1621 sense
790 1556 964 1621 incontrore
991 1557 1158 1621 resisteres
1188 1562 1267 1621 tutto

64 1667 134 1753 quei
159 1667 254 1746 longo
277 1671 368 1727 trotio
394 1664 423 1726 di
445 1684 553 1747 pnese3
578 1682 637 1727 eon
665 1660 686 1727 i’
699 1664 808 1726 istesso
836 1662 950 1727 ielieiti
972 1682 1126 1746 perrenne
1154 1683 1210 1747 pur
1236 1662 1268 1727 in

64 1774 187 1858 potestis
211 1773 252 1836 de
276 1772 404 1836 Cessrei
425 1769 520 1853 queii'
542 1774 725 1855 importante
745 1771 868 1855 pieros.
891 1788 950 1835 non
972 1771 1090 1835 orendo
1112 1791 1157 1835 ns
1179 1789 1266 1833 meno

61 1888 161 1945 atteso
206 1881 276 1965 qoel
315 1878 549 1943 commendante
592 1878 720 1945 i'erriro
760 1876 833 1943 deil’
846 1878 1025 1961 Artigiierin
1058 1898 1167 1961 grossa
1211 1898 1267 1961 per

62 1988 217 2053 rendersi.

152 2095 251 2158 Come
275 2092 303 2156 io
327 2095 416 2158 Poris
439 2112 499 2156 oon
523 2113 576 2156 ers
603 2113 749 2175 persuaso
777 2113 795 2155 a
822 2093 922 2157 fronte
945 2091 1025 2156 delle
1052 2100 1188 2177 proteste
1214 2093 1266 2177 pini

59 2203 142 2269 roite
171 2206 352 2276 arramato,
387 2201 446 2264 ohe
473 2198 493 2265 i'
506 2201 690 2283 imperotoro
717 2186 964 2282 innnprendesse
987 2199 1014 2264 lo
1042 2218 1169 2283 guerro,
1200 2201 1267 2261 ensi

61 2310 204 2375 tresenti)
219 2310 249 2372 ie
269 2309 461 2373 convenienti
477 2306 683 2390 dispositioni.
708 2308 750 2372 ion
771 2326 916 2391 sorpresa
940 2308 1114 2371 dimostrnte
1136 2307 1173 2371 dn
1196 2306 1265 2391 quei

60 2418 160 2482 eamn
177 2416 228 2479 sii'
244 2416 473 2501 approssimorsi
487 2415 525 2478 de
542 2415 686 2489 Ceserei,
711 2436 730 2479 e
753 2416 781 2479 lo
805 2413 998 2491 eontidenm,
1025 2436 1081 2479 eon
1105 2415 1163 2479 eho
1179 2419 1226 2479 sio
1249 2436 1266 2480 n

61 2523 154 2611 qneii'
177 2524 283 2589 ultimo
306 2530 458 2588 momento
481 2523 491 2585 i
512 2523 657 2588 mercanti
680 2522 795 2588 Tureioi
819 2524 1037 2588 eorrtinuorooo
1059 2523 1096 2588 nd
1119 2523 1267 2590 esereitnr

60 2636 80 2697 ii
96 2635 165 2698 loro
182 2634 367 2696 commercio
383 2631 571 2696 denotorono
587 2630 847 2695 manifestamente
864 2637 972 2715 queste
989 2632 1096 2698 vetito.

153 2741 202 2806 Uo
219 2741 284 2802 eosi
300 2740 391 2804 ieiiee
407 2757 554 2804 successo
570 2758 631 2802 non
649 2739 783 2820 pototosi
799 2739 938 2820 giammsi
960 2758 1086 2821 sperono
1103 2741 1168 2804 ensi
1183 2739 1267 2804 soie·

63 2851 145 2921 cito,
172 2845 309 2910 s'intese
333 2867 389 2912 eon
412 2846 645 2910 estrsordinorin
673 2847 840 2918 emittente,
870 2865 888 2908 e
915 2846 1007 2910 diede
1035 2853 1211 2929 argomento
1237 2846 1267 2912 di

62 2954 271 3037 grandissime
307 2972 456 3036 sperones
492 2954 524 3016 di
561 2953 652 3017 moito
686 2955 836 3036 maggiori
864 2955 1032 3036 progressi.
1077 2955 1142 3019 Teii
1169 2955 1266 3020 sneho

62 3069 217 3146 potersno
250 3062 527 3143 regionenolmente
558 3059 736 3132 confidam,
768 3081 804 3124 se
834 3081 891 3144 per
917 3060 1033 3126 fatonis
1062 3083 1119 3126 non
1146 3063 1266 3128 sossero
1387 3097 1390 3104 ·

62 3171 136 3234 stati
159 3169 313 3233 interrotti
334 3168 432 3252 questi
460 3167 551 3232 buoni
574 3170 715 3254 principii
743 3169 823 3234 delle
851 3168 996 3232 direzioni
1019 3189 1108 3252 prese
1132 3170 1265 3252 postori-

59 3281 217 3342 ormente.·

153 3383 199 3445 La
216 3383 311 3464 prims
338 3379 596 3452 determinatione
622 3383 658 3450 m
680 3384 712 3450 di
738 3404 846 3467 pessos
874 3384 1065 3468 sll’nequisto
1093 3381 1124 3446 di
1148 3382 1266 3456 Vidine,

60 3491 132 3575 quel
150 3491 169 3552 ὀ
187 3488 285 3553 snehe
300 3491 378 3552 inmo
394 3489 452 3552 ehe
469 3491 550 3554 fosse
565 3491 686 3573 seguito
704 3491 796 3557 ieliee
812 3513 848 3557 se
873 3492 1000 3557 iacendo
1017 3490 1097 3555 buon
1120 3510 1173 3557 uso
1196 3490 1265 3553 deu·

58 3596 259 3683 opportuniti
280 3616 315 3660 se
342 3581 488 3662 n'anesse
513 3617 570 3662 eon
591 3606 755 3682 prontezrs
772 3602 942 3684 intrapreso
958 3598 1125 3670 i'ossedim
1148 3605 1265 3662 mentre

58 3705 160 3789 quelle
179 3705 284 3786 piano
308 3725 359 3768 ern
383 3705 565 3786 igusimente
588 3707 645 3769 mai
668 3709 850 3790 proveduta,
890 3727 994 3772 seerso
1017 3708 1036 3772 ii
1055 3707 1225 3791 pressidio.
1249 3727 1266 3770 e

59 3813 182 3896 grande
198 3812 227 3874 ia
244 3813 476 3876 cesternazione
493 3833 549 3895 per
564 3811 804 3878 i'avrenimento
822 3815 853 3878 di
865 3816 964 3880 Nisse.
982 3815 1018 3878 Si
1030 3815 1192 3898 spedirono
1207 3835 1264 3897 per

60 3920 83 3982 ii
111 3939 190 3984 nero
207 3919 308 3982 subito
336 3942 353 3984 a
381 3920 483 4005 quella
511 3922 589 3985 volte
610 3923 742 4006 siquonti
771 3924 958 4006 reggimenti
986 3943 1043 3988 eoo
1071 3923 1099 3986 in
1134 3942 1265 4006 persona

58 4028 232 4090 medesima
248 4026 298 4090 dei
315 4028 458 4110 Prineipe
475 4027 563 4092 Cario
582 4029 613 4093 di
629 4029 766 4102 herena,
791 4051 809 4093 o
826 4051 884 4094 eon
902 4029 1118 4094 considershiii
1137 4031 1263 4112 provig-

58 4135 163 4215 gioni,
181 4153 199 4196 e
215 4133 242 4195 si
259 4134 355 4197 diviso
373 4135 402 4198 di
419 4138 573 4218 seguitsre
589 4137 637 4200 eol
653 4140 820 4201 rimonente
838 4136 909 4202 deii'
926 4137 1076 4208 eser-sito,
1099 4156 1145 4199 ma
1162 4135 1262 4218 doppo

60 4244 242 4304 consumam
269 4240 457 4305 inutilmente
483 4263 541 4305 non
565 4243 659 4308 breve
683 4247 781 4326 spatio
805 4245 835 4307 di
853 4251 972 4327 tempo,
995 4243 1077 4306 eeii)
1095 4262 1153 4307 noo
1170 4263 1261 4305 senen

60 4359 132 4411 noia
147 4348 198 4410 del
215 4348 448 4410 Cosnmnndsnte
466 4350 498 4412 sir
516 4350 735 4434 eii'improviso
751 4350 897 4416 cambiota
910 4352 988 4421 iden,
1009 4370 1027 4413 e
1045 4350 1218 4414 richismnte
1236 4351 1264 4412 le

59 4461 173 4538 truppe
188 4453 240 4537 gii
254 4453 322 4517 eoii
335 4463 514 4538 perrenute,
530 4457 556 4520 si
570 4459 669 4522 stabili
683 4459 713 4522 di
723 4480 849 4544 passere
862 4462 889 4523 in
900 4458 1026 4524 Bosoina
1039 4477 1095 4541 per
1108 4435 1263 4521 rimettere

59 4563 88 4626 ie
105 4562 304 4643 disserentur-e
319 4561 500 4633 incontrato,
515 4582 572 4626 eon
587 4566 643 4630 ehe
656 4567 682 4631 si
695 4567 838 4652 perdette
851 4566 872 4631 il
885 4567 978 4632 fruito
993 4565 1074 4630 della
1088 4585 1263 4651 omnpngnn,
