3142 5100
1231 395 1280 464 65

88 562 172 626 delle
188 563 338 626 Publicbe
354 565 506 627 messinae.
534 565 557 627 ll
577 570 686 648 prunto
705 582 854 629 concurso
872 566 900 629 di
920 564 954 630 V.
974 566 1007 630 V.
1026 566 1059 629 Ε.
1079 566 1112 630 E.
1138 568 1167 631 dl
1185 570 1283 652 depu-

87 675 135 733 tar
164 669 344 750 Comissarij
369 669 465 733 anche
488 691 544 754 per
567 671 762 742 eserninarla‚
788 691 805 735 e
830 671 987 736 decide-la
1010 672 1221 748 nell'inliero,
1245 675 1284 740 ds

86 795 136 839 me
153 797 215 860 per
237 777 421 842 comissione
436 777 559 844 Publica
575 778 710 861 peleseto
730 778 781 860 pid
797 775 895 849 volte,
919 783 1029 860 quanto
1053 781 1070 842 d
1094 799 1187 862 prove
1203 782 1283 846 irre-

85 883 243 965 fragabile
259 885 339 947 delle
355 885 386 947 di
401 885 467 948 loro
485 885 703 968 perfettissime
719 885 890 954 intentioni,
908 885 977 948 sard
993 886 1166 950 altreltanlo
1182 887 1283 969 degne

85 993 125 1056 de
142 991 213 1054 loro
230 991 448 1074 sapientissimi
465 992 575 1054 riflessi
593 993 763 1075 quelunque
779 992 860 1056 volta
877 981 1043 1056 accadesse
1060 992 1282 1058 d'elleltuarlo.

181 1096 279 1161 Giece
295 1099 420 1163 lottario
443 1117 531 1162 come
547 1119 605 1160 uua
620 1100 750 1162 scintilla
767 1099 884 1181 sepolta
904 1099 932 1162 le
946 1119 1106 1164 amarezza
1122 1102 1284 1183 proddolla

83 1205 167 1268 debu
185 1206 371 1268 riuosatione
386 1206 423 1268 de
436 1206 553 1271 Publici
571 1205 799 1288 prudentissimi
812 1209 935 1272 Decreti
949 1227 1004 1291 per
1020 1209 1047 1272 la
1065 1215 1188 1275 muteris
1204 1213 1283 1278 delle

85 1313 179 1375 visite
205 1310 256 1374 de’
267 1311 450 1375 bastimenti.
474 1314 652 1378 liderrelosi
668 1313 745 1376 dalla
763 1313 867 1388 Corte,
891 1334 975 1376 corne
993 1337 1048 1396 per
1065 1317 1110 1380 vie
1127 1318 1157 1380 di
1174 1338 1283 1403 repre-

86 1419 186 1501 seglia
204 1421 225 1481 il
241 1421 354 1502 perlito
365 1421 396 1483 di
409 1421 599 1503 suspendere
616 1420 753 1502 aNepoli
768 1421 779 1482 i
795 1422 969 1503 privilleggi
985 1423 1023 1486 de
1036 1423 1284 1497 SudditiVeneti,

89 1524 217 1590 sembra
234 1525 293 1589 ebe
309 1527 463 1590 lasciando
480 1547 586 1592 corner
602 1526 631 1589 le
647 1546 720 1592 cose
745 1547 801 1608 per
818 1528 917 1609 quella
933 1528 1055 1612 oblique
1073 1532 1137 1605 vie,
1160 1553 1215 1616 per
1232 1537 1280 1598 oui

88 1653 223 1696 corrono
239 1632 500 1715 presentementc,
517 1654 577 1696 non
594 1635 638 1698 sie
656 1654 712 1717 per
728 1633 808 1697 darsl
827 1635 1006 1700 munimento
1024 1639 1179 1703 ulteriore.
1197 1643 1283 1704 Dells

87 1740 270 1812 acrimonia,
288 1759 347 1825 eun
363 1742 411 1804 eni
427 1761 485 1823 per
501 1740 646 1804 l'adiclro
662 1744 688 1803 si
705 1740 797 1804 trellis
814 1741 835 1803 il
852 1743 979 1806 molesto
997 1751 1184 1827 argomento,
1202 1767 1219 1812 u
1236 1767 1284 1812 me
1404 1815 1409 1826 ,

69 1866 148 1909 non
165 1848 258 1911 toccd
274 1868 310 1912 se
325 1868 387 1911 non
403 1868 499 1931 apena
521 1869 559 1911 nn
583 1849 721 1912 ressiduo
741 1850 789 1912 nel
813 1851 961 1932 principio
985 1852 1065 1914 della
1081 1853 1282 1925 dmbasciete‚
1336 1909 1339 1918 .

89 1955 257 2018 cssendosi
280 1957 536 2040 posteriormenle
560 1960 732 2020 manlennta
755 1976 813 2020 una
843 1958 1002 2040 reciproca
1031 1958 1283 2032 dissimulatione;

86 2062 139 2124 nel
168 2062 229 2126 cbo
254 2063 288 2126 lo
316 2065 436 2145 eseguij
469 2083 528 2126 eon
555 2069 663 2146 pronla
690 2070 869 2146 ressegnala
897 2063 1086 2130 obbedienza
1114 2067 1135 2129 li
1167 2066 1283 2132 Publici

87 2169 309 2258 sapientissimi
326 2173 432 2241 cenni,
459 2171 518 2234 clue
533 2171 574 2232 mi
590 2170 741 2235 comisero
764 2171 794 2234 di
817 2189 876 2233 nun
899 2190 1099 2254 promovere,
1122 2181 1176 2237 ms¹
1192 2175 1281 2237 bensi

86 2274 122 2338 di
139 2282 315 2340 suslenere.
332 2297 350 2340 c
366 2277 559 2360 rispondere,
575 2283 740 2359 provocato
756 2278 861 2342 obelo
878 2278 965 2344 fossi,

6 2445 8 2473 ξ
182 2383 313 2465 Spinuss
332 2385 371 2447 'fu
388 2385 493 2448 alcuna
510 2383 589 2447 rolla
612 2384 640 2447 le
663 2385 788 2447 muteris
811 2383 851 2448 de
875 2384 1009 2466 rigoardi
1032 2387 1063 2451 di
1087 2389 1199 2458 sanild:
1225 2410 1283 2454 non

6 2474 8 2491 ¹
91 2495 215 2575 portata
230 2491 331 2575 quella
347 2491 482 2556 Naeione
500 2511 556 2575 per
571 2493 709 2557 nalurule
732 2492 849 2557 incuria
872 2493 902 2558 in
924 2514 964 2559 un
981 2501 1124 2577 suggette
1147 2497 1177 2562 di
1201 2503 1283 2566 lente

6 2581 7 2598 ἢ
93 2598 286 2681 importansa
302 2620 318 2661 a
336 2599 502 2682 prendere,
518 2620 555 2663 se
572 2620 631 2663 non
648 2600 677 2661 le
694 2598 860 2673 ordinarie.
877 2622 894 2665 e
911 2604 1066 2683 grossiere
1082 2606 1282 2687 precautioni.

6 2753 7 2772 2
92 2704 149 2769 cio
166 2705 198 2767 fa
215 2705 273 2772 che
289 2704 320 2768 le
336 2706 494 2770 sttentioni
508 2706 751 2788 vigilantissime,
775 2706 1000 2773 ebonemerile
1018 2728 1034 2773 e
1051 2714 1126 2774 tutta
1143 2710 1284 2797 l'Enrope

6 2857 7 2900 3
86 2812 118 2875 di
138 2818 251 2895 questo
268 2812 364 2875 losse
378 2812 557 2895 Magistrum
576 2834 635 2876 non
652 2814 678 2875 si
695 2812 852 2895 prendens
869 2816 899 2879 in
914 2814 1012 2881 buono
1030 2825 1128 2899 parte.
1153 2821 1219 2883 enei
1236 2821 1284 2885 col

6 2903 7 2938 ³
85 2922 205 2985 talculu
221 2920 377 2982 ordinario
393 2920 424 2983 di
440 2922 616 3005 suspicione
640 2921 749 2987 turono
766 2920 968 3004 interpretatu
990 2924 1021 2985 in
1038 2944 1129 2989 senso
1146 2926 1282 2998 diverso,

89 3029 178 3112 quasi
196 3027 362 3090 ellreltunli
378 3028 506 3111 preteeti
522 3048 579 3111 per
595 3030 780 3093 trasturnere
805 3048 927 3093 ereoar
943 3031 1126 3113 pregindiuij
1149 3034 1200 3098 elli
1219 3038 1283 3098 loru

89 3135 264 3215 Comercij:
280 3152 329 3196 mu
344 3154 379 3197 sc
394 3136 455 3198 tale
471 3136 504 3197 ld
519 3135 540 3197 il
556 3155 648 3199 senso
665 3136 715 3198 dei
734 3134 922 3207 Subellerni,
940 3156 1000 3201 non
1017 3138 1045 3200 lo
1063 3140 1095 3201 liu
1110 3142 1215 3221 posoia
1232 3139 1283 3203 de'

6 3229 8 3250 ²
88 3242 180 3325 primi
197 3241 346 3313 Ministri3
363 3241 440 3308 della
453 3241 618 3307 debuisses
636 3243 703 3311 mia,
721 3262 739 3306 e
755 3262 813 3307 con
829 3243 856 3307 le
872 3249 972 3307 scorta
984 3245 1024 3308 de
1032 3245 1146 3312 Publici
1157 3248 1283 3329 sepien-

86 3349 201 3413 tissimi
225 3347 416 3430 documenti,
445 3350 600 3412 illuminati
628 3349 676 3412 del
707 3370 791 3419 vero.
827 3350 916 3413 Nulla
944 3351 974 3414 di
997 3352 1049 3434 piir
1077 3353 1283 3422 desiderabile

85 3464 201 3541 quanto
223 3455 255 3519 lo
277 3456 412 3523 stabilire
434 3457 484 3521 dei
507 3456 681 3539 reciprocbi
705 3458 773 3523 sodi
798 3458 936 3525 concerti
960 3479 1016 3541 per
1043 3460 1072 3523 le
1100 3461 1283 3544 insurgenze

6 3619 8 3642 p
86 3564 160 3629 dcll'
172 3564 336 3636 cnvenire3
352 3584 409 3647 per
425 3566 520 3629 esiler
536 3565 639 3649 quegl'
653 3566 889 3635 inconvenienti,
914 3566 934 3631 li
951 3566 1032 3650 quali
1047 3588 1082 3631 se
1099 3572 1195 3635 anche
1212 3592 1283 3635 nes·
1307 3607 1310 3613 ·

6 3731 8 3757 ἱ
86 3693 229 3747 cessero,
246 3671 342 3735 inscio
358 3674 379 3735 il
391 3674 545 3757 Principe.
562 3694 579 3736 e
597 3673 765 3744 lssuuttoritil
781 3675 941 3759 superiore
957 3676 1105 3757 potrebbe
1122 3678 1282 3754 dubitersi,

6 3759 8 3786 ³
87 3784 144 3847 ebe
160 3782 286 3845 iussero
303 3784 354 3865 poi
371 3786 530 3845 suslennti.

178 3890 223 3959 Sc
240 3888 349 3951 turono
366 3889 396 3951 in
409 3890 539 3973 quelche
557 3892 721 3957 occasione
734 3894 883 3955 allucente
898 3892 928 3955 le
944 3892 1159 3959 delicatissime
1174 3917 1283 3979 prero-

89 3998 192 4079 gatire
208 3996 259 4058 dcl
276 3996 381 4067 Gonu,
403 4018 421 4060 o
444 4017 501 4061 con
522 3996 666 4080 passaggi
690 3997 739 4063 de'
753 3997 923 4064 baslimeuti
941 4003 1061 4075 ermuli,
1086 4024 1103 4065 o
1121 4021 1176 4065 eon
1193 4004 1282 4067 delb-

93 4107 201 4168 eicnze
216 4102 269 4166 de'
283 4105 374 4168 saluti
390 4104 449 4168 alle
466 4106 613 4170 Publicbe
629 4106 776 4187 musgros,
801 4107 890 4188 giovd
913 4106 1129 4174 infinitamente
1151 4112 1199 4173 oid
1225 4114 1282 4177 obe

89 4232 147 4296 per
166 4212 274 4276 ordine
290 4213 416 4276 Publice
433 4213 578 4285 effettuai,
597 4215 627 4277 di
642 4223 823 4279 sostenerne
840 4234 926 4280 come
941 4216 971 4277 in
988 4216 1033 4279 via
1056 4215 1085 4279 di
1102 4225 1236 4299 protesla
1254 4220 1282 4282 le

88 4318 264 4385 inuiolabile
277 4320 401 4383 Publica
413 4321 647 4402 giurisdittione.
661 4321 885 4403 L'lmperelore
900 4322 974 4387 nella
990 4343 1131 4406 espresse
1145 4325 1281 4397 odienda.

88 4429 146 4490 ebe
171 4428 212 4489 mi
237 4430 268 4489 sir
292 4448 433 4491 eomesso
461 4430 490 4490 di
516 4430 674 4500 cbiedere,
704 4429 746 4491 mi
769 4430 889 4511 rispose
915 4450 970 4495 oon
995 4433 1115 4495 termini
1138 4435 1167 4497 di
1194 4436 1282 4497 molta

87 4534 201 4616 equits
219 4536 446 4613 mostrandosi‚
472 4556 558 4599 corne
575 4538 680 4617 ignaro
699 4537 728 4599 di
746 4539 808 4607 cib,
836 4538 894 4601 che
921 4558 973 4603 era
990 4559 1095 4611 corso,
1121 4562 1137 4605 e
1162 4531 1281 4607 lontano

141 4658 225 4697 Fontes.
242 4658 306 4696 xxii.
323 4658 360 4695 llo.
808 4714 811 4719 Ι
1049 4663 1064 4712 5
