3142 5100
302 386 376 460 too

298 558 379 624 delia
395 558 472 622 Casa
488 558 518 622 di
535 558 665 629 Lorena,
683 577 728 620 ana
745 555 803 620 che
821 557 870 640 poi
889 575 975 620 come
999 557 1017 620 d
1039 563 1114 620 stato
1140 562 1224 622 tante
1245 560 1328 623 volte
1349 560 1481 624 dissemi-

301 675 370 735 nato
387 686 476 749 possa
493 686 581 728 esser
596 665 697 727 ricino
714 666 733 727 ii
750 670 912 736 momento,
929 666 958 726 in
977 668 1024 727 cui
1048 664 1134 727 abbia
1156 685 1174 727 a
1195 669 1399 748 maneggiarsi
1421 668 1474 729 ned
1554 743 1555 750 ἵ

300 774 429 857 imperio
460 773 635 836 l'oileziono
660 772 689 834 di
719 791 758 834 un
788 772 829 834 Re
860 771 897 834 de
923 773 1062 842 Rotnani,
1088 795 1104 834 o
1129 773 1187 836 obe
1210 779 1317 857 questo
1343 774 1428 837 abbia
1450 775 1481 836 ad

301 882 537 948 otiettivatnonto
562 880 693 943 riddursi
718 899 773 961 per
798 898 850 940 ora
879 879 1014 949 att'atto,
1040 880 1068 940 io
1094 900 1147 943 oso
1172 883 1305 944 asseriro
1330 901 1383 944 oon
1410 883 1484 943 fraa-

301 990 426 1059 oheuua,
443 990 501 1051 cbo
518 988 565 1052 cib
584 1007 641 1050 non
659 988 677 1049 b
694 987 863 1069 probabile,
880 1007 897 1049 e
915 988 973 1050 cho
990 988 1037 1051 cib
1054 1008 1112 1071 per
1127 989 1237 1052 adesso
1262 1011 1320 1051 non
1345 991 1401 1072 pub
1419 1010 1485 1052 cer·

298 1101 431 1163 totoonte
454 1096 586 1174 soguire.
613 1094 713 1156 utetto
738 1096 796 1156 obe
821 1095 903 1156 fosse
926 1115 983 1158 una
1002 1097 1080 1157 volta
1098 1116 1135 1156 ιιιι
1154 1097 1305 1178 Prencipo
1330 1099 1358 1158 in
1376 1097 1420 1159 Ro
1441 1093 1486 1157 de'

301 1203 439 1276 Rotnani,
464 1202 525 1282 egli
549 1204 567 1265 b
592 1222 681 1265 senza
698 1202 926 1266 contraditione
951 1202 971 1264 il
996 1205 1170 1285 presuntivo
1186 1204 1390 1286 Imperatore,
1417 1211 1447 1266 et
1469 1206 1486 1266 n
1554 1239 1555 1252 ι

303 1329 447 1376 successo
465 1309 701 1392 dirreparabite.
719 1310 827 1372 Porcio
842 1330 927 1373 conte
944 1311 1001 1372 anai
1019 1310 1036 1373 d
1053 1308 1212 1392 possibile,
1227 1311 1284 1373 cho
1301 1313 1345 1373 sin
1364 1334 1379 1373 a
1396 1317 1485 1382 tanto,

302 1411 483 1486 obeCos'aro
499 1437 556 1479 noa
572 1417 666 1498 perda
684 1420 895 1481 intierarnente
912 1437 967 1499 per
984 1418 1171 1480 t'avvanzata
1193 1438 1245 1480 sua
1265 1420 1314 1480 ota
1332 1418 1360 1480 ia
1374 1418 1486 1500 losinga

301 1523 412 1590 d'avor
428 1524 514 1606 prate
531 1525 703 1592 masculina,
721 1523 875 1603 egi'abbia
892 1545 907 1586 a
925 1544 1102 1605 promovere
1124 1543 1161 1584 un
1180 1543 1362 1588 successore
1379 1524 1487 1588 ιιΙΙἸιιι-

302 1629 398 1713 porio,
412 1650 430 1692 o
446 1631 518 1693 sarsi
535 1632 563 1692 in
581 1632 621 1692 tat
640 1632 725 1693 modo
742 1637 862 1693 auttore
879 1631 907 1693 di
925 1632 1046 1713 privare
1064 1631 1089 1691 ta
1107 1632 1231 1712 propria
1245 1632 1447 1694 discondonna
1461 1633 1488 1693 di

304 1738 404 1822 quella
421 1741 565 1820 cospioua
582 1740 709 1819 dignita,
726 1740 784 1802 cbo
801 1740 932 1821 possode
950 1738 987 1800 da
1004 1741 1078 1800 tanti
1097 1739 1190 1800 secoli
1209 1740 1235 1801 ta
1253 1761 1306 1802 oua
1326 1742 1466 1821 tarnigtia.

393 1844 496 1908 Anohe
520 1844 732 1926 l'Imperatoro
751 1845 905 1927 Leopoldo
931 1844 1052 1906 douotto
1081 1865 1186 1926 passar
1209 1847 1266 1908 atio
1290 1851 1376 1908 terzo
1401 1867 1489 1909 noazo
1554 1829 1555 1870 ³

302 1952 397 2035 prima
415 1953 443 2016 di
461 1973 534 2016 aver
550 1955 674 2017 nraschi.
699 1953 935 2035 L'Imperatrioe
959 1951 1094 2014 sebbono
1117 1954 1145 2013 in
1168 1953 1217 2015 etit
1242 1956 1444 2023 consistente,
1473 1953 1489 2015 ir

305 2062 378 2124 fatta
396 2064 469 2144 perd
486 2063 549 2125 cosi
566 2063 688 2146 pingue,
707 2083 723 2124 e
741 2063 805 2124 cosi
821 2062 1029 2142 cagionevole,
1046 2063 1104 2123 cbo
1117 2082 1175 2143 pur
1186 2068 1296 2145 troppo
1310 2063 1368 2124 ben
1383 2079 1487 2144 sposso

304 2169 341 2231 da
359 2188 376 2232 a
391 2175 507 2232 ternoro
523 2171 553 2235 di
571 2191 623 2232 sua
641 2172 710 2238 vita,
729 2168 747 2228 ii
765 2169 824 2230 cire
842 2187 875 2228 se
893 2168 949 2228 urai
966 2187 1023 2249 per
1039 2167 1245 2249 disposiziono
1262 2169 1362 2231 divina
1379 2173 1489 2232 stortu-

303 2281 474 2340 natarnente
491 2278 686 2351 suceedesso,
708 2282 785 2339 tutte
801 2276 831 2338 le
847 2276 963 2356 ragioni
982 2274 1183 2357 persuadono‚
1207 2277 1266 2338 cbo
1284 2278 1316 2341 S.
1334 2277 1375 2338 Μ.
1400 2298 1490 2362 pren·

304 2381 440 2446 derebbo
456 2403 495 2445 un
512 2386 587 2445 altra
603 2385 724 2465 mogtio,
750 2403 784 2445 se
802 2404 859 2445 non
884 2404 941 2466 por
965 2384 1182 2454 inclinaziono,
1208 2405 1265 2467 por
1289 2386 1459 2448 secundare
1481 2387 1489 2445 i

304 2491 424 2563 stitnoii,
439 2510 456 2553 e
469 2491 498 2553 lo
510 2511 663 2574 promere,
678 2490 945 2554 oh'ottieacissinae
959 2491 1109 2555 averebbe
1123 2493 1160 2553 de
1173 2493 1238 2555 suoi
1254 2493 1402 2566 vassalli,i
1415 2491 1489 2577 quali

303 2620 363 2663 eon
376 2600 580 2663 ardentissimi
597 2601 657 2662 voti
676 2601 833 2681 sospirano
851 2619 888 2660 un
906 2600 1067 2670 Arciduca,
1084 2600 1280 2683 prosedendo
1299 2603 1390 2664 motta
1415 2602 1490 2663 bono

306 2705 335 2768 di
353 2706 457 2778 doner,
474 2727 532 2768 non
552 2708 760 2770 essendouone
776 2708 951 2770 incontrato
968 2706 1105 2769 calamita
1122 2707 1212 2769 molto
1230 2708 1453 2771 considerabiii.

394 2814 424 2876 lo
442 2814 560 2898 dunque
576 2816 728 2897 replicari)
747 2812 822 2877 ch'o
836 2833 908 2875 vana
929 2813 1098 2895 t'opiniono
1112 2815 1141 2877 di
1156 2816 1257 2897 quelli,
1277 2815 1336 2877 ohe
1349 2818 1489 2884 orodono,
1551 2834 1554 2965 p

302 2921 331 2982 vi
348 2919 385 3001 sij
403 2922 434 2982 in
450 2929 596 3005 presente
612 2923 679 2985 idea
703 2924 733 2986 di
756 2924 803 2984 tar
827 2921 996 2984 dichiarare
1026 2942 1064 2983 ιιιι
1088 2922 1132 2985 Ro
1157 2920 1205 2983 do*
1227 2924 1368 2994 Rotnani,
1394 2942 1411 2984 e
1438 2922 1490 2984 che
1552 2966 1554 3005 ι

302 3029 605 3108 raggionevotrnonte
622 3039 730 3113 questo
748 3031 913 3101 dacosare
932 3051 989 3093 non
1008 3032 1075 3093 sara
1093 3049 1261 3112 promosso,
1279 3030 1339 3095 ohe
1357 3032 1404 3092 not
1422 3048 1489 3093 caso

303 3135 333 3196 di
351 3135 584 3217 sopraindicato,
601 3137 743 3200 restando
762 3139 810 3199 det
830 3146 910 3200 resto
927 3139 1018 3200 molto
1037 3137 1205 3221 ‹iatbbioso,
1230 3157 1264 3199 se
1289 3157 1347 3219 per
1365 3158 1490 3200 onerare

304 3242 332 3303 la
356 3242 448 3325 figtia,
469 3244 583 3307 abbiasi
607 3247 637 3307 io
655 3247 747 3308 attona
764 3268 780 3308 a
798 3266 983 3329 procurare,
1008 3248 1064 3308 che
1087 3248 1161 3307 resti
1184 3245 1349 3328 prescieito
1372 3247 1392 3307 ii
1411 3247 1489 3309 Duoa

303 3350 334 3414 di
358 3352 493 3423 Lorena,
518 3354 568 3416 noi
591 3355 650 3417 ohe
672 3374 804 3436 possano
828 3355 945 3417 essorvi
969 3375 1025 3434 per
1047 3355 1076 3416 ia
1108 3355 1240 3424 nascitd,
1271 3356 1348 3439 (non
1375 3359 1490 3418 estante
1526 3380 1529 3387 ·

303 3457 467 3542 i'esernpio
485 3462 513 3522 di
531 3461 619 3525 Cario
636 3462 671 3533 V,
689 3482 744 3545 por
761 3463 837 3527 altro
856 3464 936 3524 assai
954 3460 1093 3546 divorso)
1112 3461 1234 3524 notabili
1251 3460 1408 3533 difficotta,
1425 3481 1441 3524 o
1458 3481 1489 3526 so

301 3568 328 3627 si
347 3569 476 3629 divisere
492 3570 521 3630 di
539 3570 586 3631 iar
601 3571 748 3652 soieglior
765 3572 784 3632 il
803 3571 1008 3649 Primogonito
1026 3569 1202 3633 cb‘avosse.
1227 3635 1229 3639 ,

396 3675 453 3735 Per
469 3676 570 3739 levare
582 3679 656 3760 perd
674 3678 770 3739 anche
786 3678 816 3739 in
834 3686 939 3765 questo
958 3680 1114 3759 proposito
1128 3678 1296 3760 qaradanquo
1313 3680 1423 3741 metito
1437 3678 1488 3739 ailo

304 3784 523 3846 contestazioni
549 3784 566 3845 b
590 3786 759 3870 universate
781 3785 950 3855 desiderio,
978 3786 1068 3847 choi
1092 3790 1168 3865 parti
1193 3784 1487 3848 dolt’Arciduchessa

307 3911 442 3970 seguono
460 3892 490 3954 in
509 3892 616 3962 Corto;
636 3894 756 3956 tuttauia
773 3902 878 3975 questa
892 3893 1086 3975 Principessa
1104 3898 1214 3954 mostra
1233 3914 1372 3976 premura
1387 3893 1487 3955 d'arer

305 4019 321 4060 a
344 4000 450 4079 seguir
473 3999 492 4061 ii
515 4000 622 4062 marito
647 4001 738 4062 ati'or
761 4000 820 4061 cho
837 4002 918 4083 passi
944 4000 1077 4082 prender
1098 4018 1242 4081 possesso
1267 3999 1316 4061 do'
1333 4002 1398 4062 suoi
1415 3996 1488 4062 Stati

298 4107 333 4169 ,in
351 4109 488 4170 Tuscana
496 4130 505 4181 ;
522 4108 542 4169 n
561 4108 619 4172 cho
636 4109 766 4171 sarebbe
783 4129 859 4172 atreo
876 4110 996 4190 seguito
1014 4108 1109 4189 prima
1135 4107 1166 4169 di
1191 4108 1247 4169 mia
1275 4113 1436 4189 pantonza,
1458 4126 1489 4166 se

304 4216 330 4277 la
348 4215 434 4277 dilui
448 4236 598 4297 generosa
615 4217 815 4278 rissoiuaione
830 4216 857 4277 di
874 4217 1036 4279 trasserirsi
1051 4216 1078 4276 in
1094 4215 1250 4296 Ungheria
1264 4236 1324 4277 non
1336 4236 1376 4277 ne
1389 4234 1488 4277 avesse

305 4323 486 4388 frastornata
502 4323 607 4388 i'idoa.
633 4325 695 4388 Con
713 4325 818 4387 doiore
842 4323 971 4387 iasoiera
989 4324 1101 4387 Cosano
1119 4326 1264 4385 stacearsi
1283 4323 1309 4384 ia
1328 4322 1420 4403 agna,
1438 4323 1488 4385 ohe

303 4450 359 4493 oon
374 4432 515 4512 giustizia
532 4455 595 4497 ama
614 4439 823 4495 tenerarnonto
841 4451 897 4514 per
915 4430 1061 4513 i'insigne
1079 4452 1134 4494 sue
1152 4432 1227 4500 doti,
1253 4453 1269 4491 e.
1292 4452 1349 4513 por
1366 4452 1450 4493 osser
1464 4430 1488 4490 la

302 4560 356 4601 sua
372 4541 545 4623 presuntiva
562 4542 673 4613 oredo,
699 4560 744 4603 rna
768 4559 826 4623 non
853 4545 972 4605 ostanto
999 4560 1056 4603 non
1081 4544 1109 4605 vi
1135 4540 1267 4602 foemora
1289 4541 1503 4697 opaposQ
1550 4616 1551 4627 χ

1549 4642 1551 4683 ι

1548 4712 1551 4807 i

1485 4976 1489 4987 ,
1547 4814 1550 4966 i
